<record><leader>00000cas a2200000 a 4500</leader><controlfield tag="001">14926194</controlfield><controlfield tag="008">861205d18871895wyudn ne      0    0eng  </controlfield><datafield ind1=" " ind2=" " tag="010"><subfield code="a">sn 86072173 </subfield></datafield><datafield ind1=" " ind2=" " tag="040"><subfield code="a">DLC</subfield><subfield code="b">eng</subfield><subfield code="c">DLC</subfield><subfield code="d">ANU</subfield><subfield code="d">CRL</subfield><subfield code="d">DLC</subfield><subfield code="d">OCLCO</subfield><subfield code="d">OCLCQ</subfield><subfield code="d">OCLCF</subfield></datafield><datafield ind1="1" ind2=" " tag="029"><subfield code="a">AU@</subfield><subfield code="b">000020444065</subfield></datafield><datafield ind1=" " ind2=" " tag="042"><subfield code="a">pcc</subfield></datafield><datafield ind1=" " ind2=" " tag="043"><subfield code="a">n-us-wy</subfield></datafield><datafield ind1="0" ind2="0" tag="050"><subfield code="a">Newspaper 10295</subfield></datafield><datafield ind1="0" ind2=" " tag="130"><subfield code="a">Cheyenne daily leader (Cheyenne, Wyo. : 1887)</subfield></datafield><datafield ind1="1" ind2="4" tag="245"><subfield code="a">The Cheyenne daily leader.</subfield></datafield><datafield ind1=" " ind2=" " tag="260"><subfield code="a">Cheyenne, Wyo. :</subfield><subfield code="b">Jno. F. Carroll,</subfield><subfield code="c">[1887-1895]</subfield></datafield><datafield ind1=" " ind2=" " tag="300"><subfield code="a">v. :</subfield><subfield code="b">ill. (chiefly advertisements) ;</subfield><subfield code="c">60-66 cm.</subfield></datafield><datafield ind1=" " ind2=" " tag="310"><subfield code="a">Daily (except Monday)</subfield></datafield><datafield ind1="0" ind2=" " tag="362"><subfield code="a">Vol. 20 (June 14, 1887)-28th year (June 23, 1895).</subfield></datafield><datafield ind1=" " ind2=" " tag="500"><subfield code="a">"Democratic." Cf. Ayer, 1894.</subfield></datafield><datafield ind1=" " ind2=" " tag="515"><subfield code="a">Numbering is irregular.</subfield></datafield><datafield ind1=" " ind2=" " tag="530"><subfield code="a">Also issued on microfilm from Wyoming State Archives and Historical Dept.</subfield></datafield><datafield ind1=" " ind2=" " tag="580"><subfield code="a">Merged with: Cheyenne daily sun (Cheyenne, Wyo. : 1876), to form: Cheyenne daily sun-leader.</subfield></datafield><datafield ind1=" " ind2="0" tag="651"><subfield code="a">Cheyenne (Wyo.)</subfield><subfield code="v">Newspapers.</subfield></datafield><datafield ind1=" " ind2="7" tag="655"><subfield code="a">Newspapers.</subfield><subfield code="2">fast</subfield><subfield code="0">(OCoLC)fst01423814</subfield></datafield><datafield ind1=" " ind2="7" tag="651"><subfield code="a">Wyoming</subfield><subfield code="z">Cheyenne.</subfield><subfield code="2">fast</subfield><subfield code="0">(OCoLC)fst01207517</subfield></datafield><datafield ind1=" " ind2=" " tag="752"><subfield code="a">United States</subfield><subfield code="b">Wyoming</subfield><subfield code="c">Laramie</subfield><subfield code="d">Cheyenne.</subfield></datafield><datafield ind1="0" ind2=" " tag="775"><subfield code="t">Cheyenne weekly leader (Cheyenne, Wyo. : 1887)</subfield><subfield code="w">(DLC)sn 86072166</subfield><subfield code="w">(OCoLC)14912508</subfield></datafield><datafield ind1="0" ind2="0" tag="780"><subfield code="t">Democratic leader (Cheyenne, Wyo. : 1884 : Daily)</subfield><subfield code="w">(DLC)sn 88067211</subfield><subfield code="w">(OCoLC)18885496</subfield></datafield><datafield ind1="1" ind2="7" tag="785"><subfield code="t">Cheyenne daily sun (Cheyenne, Wyo. : 1876)</subfield><subfield code="w">(DLC)sn 84022147</subfield><subfield code="w">(OCoLC)10317342</subfield></datafield><datafield ind1="1" ind2="7" tag="785"><subfield code="t">Cheyenne daily sun-leader</subfield><subfield code="w">(DLC)sn 86072174</subfield><subfield code="w">(OCoLC)14926285</subfield></datafield></record>